% Encoding: windows-1252

@Electronic{Gratz2015,
  author    = {Gratz, Amy E.},
  title     = {Evaluating Sources - Use the C.R.A.P. test!},
  year      = {2015},
  url       = {https://libraries.mercer.edu/research-tools-help/citation-tools-help/evaluating-sources},
  urldate   = {2016-09-01},
  owner     = {bert},
  timestamp = {2016-09-01},
}

@Electronic{VanVreckem2017,
  author       = {Van Vreckem, Bert},
  title        = {De bachelorproef informatica: een praktische gids},
  year         = {2017},
  url          = {https://github.com/HoGentTIN/bachproef-gids/releases},
  version      = {v0.9.1},
  organization = {Hogeschool Gent},
  urldate      = {2018-02-23},
  owner        = {bert},
  timestamp    = {2017-02-08},
}

@Electronic{Taalwinkel2014,
  author  = {Taalwinkel},
  title   = {Een wetenschappelijke schrijfstijl},
  year    = {2014},
  url     = {http://www.taalwinkel.nl/schrijfproces/een-wetenschappelijke-schrijfstijl/},
  urldate = {2018-02-12},
}

@Comment{jabref-meta: databaseType:biblatex;}
