% Encoding: windows-1252


@Electronic{VanVreckem2017,
  author       = {Van Vreckem, Bert},
  title        = {De bachelorproef informatica: een praktische gids},
  year         = {2017},
  url          = {https://github.com/HoGentTIN/bachproef-gids},
  version      = {v0.9.1},
  organization = {Hogeschool Gent},
  urldate      = {2017-02-08},
  owner        = {bert},
  timestamp    = {2017-02-08},
}

@Comment{jabref-meta: databaseType:biblatex;}
